@inproceedings{watson1953structure,
  title={The structure of DNA},
  author={Watson, James D and Crick, Francis HC},
  booktitle={Cold Spring Harbor symposia on quantitative biology},
  volume={18},
  pages={123--131},
  year={1953},
  organization={Cold Spring Harbor Laboratory Press}
}

@article{bellman1954theory,
  title={The theory of dynamic programming},
  author={Bellman, Richard},
  journal={Bulletin of the American Mathematical Society},
  volume={60},
  number={6},
  pages={503--515},
  year={1954}
}

@article{shendure2008next,
  title={Next-generation DNA sequencing},
  author={Shendure, Jay and Ji, Hanlee},
  journal={Nature biotechnology},
  volume={26},
  number={10},
  pages={1135--1145},
  year={2008},
  publisher={Nature Publishing Group}
}

@article{lermen2000practical,
  title={The practical use of the A* algorithm for exact multiple sequence alignment},
  author={Lermen, Martin and Reinert, Knut},
  journal={Journal of Computational Biology},
  volume={7},
  number={5},
  pages={655--671},
  year={2000},
  publisher={Mary Ann Liebert, Inc.}
}

@inproceedings{zhou2002multiple,
  title={Multiple Sequence Alignment Using Anytime A*.},
  author={Zhou, Rong and Hansen, Eric A},
  booktitle={AAAI/IAAI},
  pages={975--977},
  year={2002}
}
 
@inproceedings{mcnaughton2002memory,
  title={Memory-Efficient A* Heuristics for Multiple Sequence Alignment.},
  author={McNaughton, Matthew and Lu, Paul and Schaeffer, Jonathan and Szafron, Duane},
  booktitle={AAAI/IAAI},
  pages={737--743},
  year={2002}
}

@article{johnson1977efficient,
  title={Efficient algorithms for shortest paths in sparse networks},
  author={Johnson, Donald B},
  journal={Journal of the ACM (JACM)},
  volume={24},
  number={1},
  pages={1--13},
  year={1977},
  publisher={ACM New York, NY, USA}
}

@article{li2008mapping,
  title={Mapping short DNA sequencing reads and calling variants using mapping quality scores},
  author={Li, Heng and Ruan, Jue and Durbin, Richard},
  journal={Genome research},
  volume={18},
  number={11},
  pages={1851--1858},
  year={2008},
  publisher={Cold Spring Harbor Lab}
}
