@inproceedings{ivanov2020astarix,
  title = {{AStarix}: {F}ast and {O}ptimal {S}equence-to-{G}raph {A}lignment},
  author = {Ivanov, Pesho and Bichsel, Benjamin and Mustafa, Harun and Kahles, Andr{\'e} and R{\"a}tsch, Gunnar and Vechev, Martin T},
  booktitle = {RECOMB},
  year = {2020},
  addendum={\\\emph{Introduces a trie index on which shortest paths algorithms scale the read mapping sublinearly with the reference size.}}
}

@inproceedings{ivanov2022fast,
  title={Fast and {O}ptimal {S}equence-to-{G}raph {A}lignment {G}uided by {S}eeds},
  author={Ivanov, Pesho and Bichsel, Benjamin and Vechev, Martin},
  booktitle={RECOMB},
  year={2022},
  addendum={\\\emph{Introduces the seed heuristic for A* and scales near-linear with read length.}}
}
@article{koerkamp2022exact,
  title={Exact global alignment using A* with seed heuristic and match pruning},
  author={Groot Koerkamp, Ragnar and Ivanov, Pesho},
  journal={bioRxiv},
  year={2022},
  publisher={Cold Spring Harbor Laboratory},
  addendum={\\\emph{Extends the seed heuristic with chaining, inexact matching to scale to high error rates, and with match pruning to further scale the sequence length.}}
}

