@inproceedings{he2018debin,
  title={\textbf{Debin: Predicting debug information in stripped binaries}},
  author={He, Jingxuan and Ivanov, Pesho and Tsankov, Petar and Raychev, Veselin and Vechev, Martin},
  booktitle={Proceedings of the 2018 ACM SIGSAC Conference on Computer and Communications Security},
  year={2018}
}

@misc{Ivanov_CellDive_Gene-level_analysis_2023,
  author = {Ivanov, Pesho and Vechev, Martin},
  license = {MPL-2.0},
  month = mar,
  title = {\textbf{CellDive: Gene-level analysis of lymphocyte single-cell RNA data based on a clonality specification language\footnote{\url{https://github.com/pesho-ivanov/celldive}}}},
  year = {(2018)},
  note = {GitHub repository}
}

@misc{Ivanov_minSH_2023,
  author = {Ivanov, Pesho},
  month = jun,
  title = {\textbf{minSH: Minimal re-implementation of A* with seed heuristic\footnote{\url{https://github.com/pesho-ivanov/minSH}}}},
  year = {(2023)},
  note = {GitHub repository}
}