@book{thue1912gegenseitige,
  title={{\"U}ber die gegenseitige Lage gleicher Teile gewisser Zeichenreihen},
  author={Thue, Axel},
  number={1},
  year={1912},
  publisher={Jacob Dybwad}
}

@inproceedings{de1959file,
  title={File searching using variable length keys},
  author={De La Briandais, Rene},
  booktitle={Papers presented at the the March 3-5, 1959, western joint computer conference},
  pages={295--298},
  year={1959}
}

@book{morris1970linear,
  title={A linear pattern-matching algorithm},
  author={Morris Jr, James and Pratt, Vaughan},
  year={1970}
}

@article{alser2021technology,
  title={Technology dictates algorithms: recent developments in read alignment},
  author={Alser, Mohammed and Rotman, Jeremy and Deshpande, Dhrithi and Taraszka, Kodi and Shi, Huwenbo and Baykal, Pelin Icer and Yang, Harry Taegyun and Xue, Victor and Knyazev, Sergey and Singer, Benjamin D and others},
  journal={Genome biology},
  volume={22},
  number={1},
  pages={1--34},
  year={2021},
  publisher={Springer}
}

@article{pearson1988improved,
  title={Improved tools for biological sequence comparison.},
  author={Pearson, William R and Lipman, David J},
  journal={Proceedings of the National Academy of Sciences},
  volume={85},
  number={8},
  pages={2444--2448},
  year={1988},
  publisher={National Acad Sciences}
}

@article{sellers1980theory,
  title={The theory and computation of evolutionary distances: pattern recognition},
  author={Sellers, Peter H},
  journal={Journal of algorithms},
  volume={1},
  number={4},
  pages={359--373},
  year={1980},
  publisher={Elsevier}
}

@article{smith1981identification,
  title={Identification of common molecular subsequences},
  author={Smith, Temple F and Waterman, Michael S},
  journal={Journal of molecular biology},
  volume={147},
  number={1},
  pages={195--197},
  year={1981},
  publisher={Elsevier}
}

@article{arslan2001new,
  title={A new approach to sequence comparison: normalized sequence alignment},
  author={Arslan, Abdullah N and E{\u{g}}ecio{\u{g}}lu, {\"O}mer and Pevzner, Pavel A},
  journal={Bioinformatics},
  volume={17},
  number={4},
  pages={327--337},
  year={2001},
  publisher={Oxford University Press}
}
