
@article{darby2020vargas,
  title={{Vargas}: heuristic-free alignment for assessing linear and graph read aligners},
  author={Darby, Charlotte A and Gaddipati, Ravi and Schatz, Michael C and Langmead, Ben},
  journal={Bioinformatics},
  volume={36},
  number={12},
  pages={3712--3718},
  year={2020},
  publisher={Oxford University Press},
  annote = {Vargas}
}

@article{hon2020highly,
  title={Highly accurate long-read HiFi sequencing data for five complex genomes},
  author={Hon, Ting and Mars, Kristin and Young, Greg and Tsai, Yu-Chih and Karalius, Joseph W and Landolin, Jane M and Maurer, Nicholas and Kudrna, David and Hardigan, Michael A and Steiner, Cynthia C and others},
  journal={Scientific data},
  volume={7},
  number={1},
  pages={1--11},
  year={2020},
  publisher={Nature Publishing Group}
}

@inproceedings{feng2021accelerating,
  title={Accelerating Sequence-to-Graph Alignment on Heterogeneous Processors},
  author={Feng, Zonghao and Luo, Qiong},
  booktitle={50th International Conference on Parallel Processing},
  pages={1--10},
  year={2021}
}

@article{huang2011art,
  title={{ART}: a next-generation sequencing read simulator},
  author={Huang, Weichun and Li, Leping and Myers, Jason R and Marth, Gabor T},
  journal={Bioinformatics},
  volume={28},
  number={4},
  pages={593--594},
  year={2011},
  publisher={Oxford University Press}
}

@inproceedings{goldsmith2007measuring,
  title={Measuring empirical computational complexity},
  author={Goldsmith, Simon F and Aiken, Alex S and Wilkerson, Daniel S},
  booktitle={Proceedings of the the 6th joint meeting of the European software engineering conference and the ACM SIGSOFT symposium on The foundations of software engineering},
  pages={395--404},
  year={2007}
}