@article{dijkstra1959note,
  title={A note on two problems in connexion with graphs},
  author={Dijkstra, Edsger W},
  journal={Numerische mathematik},
  volume={1},
  number={1},
  pages={269--271},
  year={1959}
}

@inproceedings{levenshtein1966binary,
  title={Binary codes capable of correcting deletions, insertions, and reversals},
  author={Levenshtein, Vladimir I and others},
  booktitle={Soviet physics doklady},
  volume={10},
  number={8},
  pages={707--710},
  year={1966},
  organization={Soviet Union}
}

@article{vintsyuk1968speech,
  title={Speech discrimination by dynamic programming},
  author={Vintsyuk, Taras K},
  journal={Cybernetics},
  volume={4},
  number={1},
  pages={52--57},
  year={1968},
  publisher={Springer}
}

@article{hart1968formal,
  title={A formal basis for the heuristic determination of minimum cost paths},
  author={Hart, Peter E and Nilsson, Nils J and Raphael, Bertram},
  journal={IEEE transactions on Systems Science and Cybernetics},
  volume={4},
  number={2},
  pages={100--107},
  year={1968},
  publisher={IEEE}
}

@article{needleman1970general,
  title={A general method applicable to the search for similarities in the amino acid sequence of two proteins},
  author={Needleman, Saul B and Wunsch, Christian D},
  journal={Journal of molecular biology},
  volume={48},
  number={3},
  pages={443--453},
  year={1970},
  publisher={Elsevier}
}

@article{sankoff1972matching,
  title={Matching sequences under deletion/insertion constraints},
  author={Sankoff, David},
  journal={Proceedings of the National Academy of Sciences},
  volume={69},
  number={1},
  pages={4--6},
  year={1972},
  publisher={National Acad Sciences}
}

@article{sellers1974theory,
  title={On the theory and computation of evolutionary distances},
  author={Sellers, Peter H},
  journal={SIAM Journal on Applied Mathematics},
  volume={26},
  number={4},
  pages={787--793},
  year={1974},
  publisher={SIAM}
}

@article{wagner1974string,
  title={The string-to-string correction problem},
  author={Wagner, Robert A and Fischer, Michael J},
  journal={Journal of the ACM (JACM)},
  volume={21},
  number={1},
  pages={168--173},
  year={1974},
  publisher={ACM New York, NY, USA}
}

@article{hirschberg1975linear,
  title={A linear space algorithm for computing maximal common subsequences},
  author={Hirschberg, Daniel S.},
  journal={Communications of the ACM},
  volume={18},
  number={6},
  pages={341--343},
  year={1975},
  publisher={ACM New York, NY, USA}
}

@article{hunt1976algorithm,
  title={An algorithm for differential file comparison},
  author={Hunt, James Wayne and MacIlroy, M Douglas},
  year={1976},
  publisher={Bell Laboratories Murray Hill}
}

@article{hirschberg1977algorithms,
  title={Algorithms for the longest common subsequence problem},
  author={Hirschberg, Daniel S},
  journal={Journal of the ACM (JACM)},
  volume={24},
  number={4},
  pages={664--675},
  year={1977},
  publisher={ACM New York, NY, USA}
}

@article{hunt1977fast,
  title={A fast algorithm for computing longest common subsequences},
  author={Hunt, James W and Szymanski, Thomas G},
  journal={Communications of the ACM},
  volume={20},
  number={5},
  pages={350--353},
  year={1977},
  publisher={ACM New York, NY, USA}
}

@article{gotoh1982improved,
  title={An improved algorithm for matching biological sequences},
  author={Gotoh, Osamu},
  journal={Journal of molecular biology},
  volume={162},
  number={3},
  pages={705--708},
  year={1982},
  publisher={Elsevier}
}

@article{wilbur1984context,
  title={The context dependent comparison of biological sequences},
  author={Wilbur, W John and Lipman, David J},
  journal={SIAM Journal on Applied Mathematics},
  volume={44},
  number={3},
  pages={557--567},
  year={1984},
  publisher={SIAM}
}

@book{pearl1984heuristics,
  title={Heuristics: intelligent search strategies for computer problem solving},
  author={Pearl, Judea},
  year={1984},
  publisher={Addison-Wesley Longman Publishing Co., Inc.}
}

@article{ukkonen1985algorithms,
  title={Algorithms for approximate string matching},
  author={Ukkonen, Esko},
  journal={Information and control},
  volume={64},
  number={1-3},
  pages={100--118},
  year={1985},
  publisher={Elsevier}
}

@article{myers1986ano,
  title={An {O(ND)} difference algorithm and its variations},
  author={Myers, Eugene W},
  journal={Algorithmica},
  volume={1},
  number={1-4},
  pages={251--266},
  year={1986},
  publisher={Springer}
}

@article{spouge1989speeding,
  title={Speeding up dynamic programming algorithms for finding optimal lattice paths},
  author={Spouge, John L},
  journal={SIAM Journal on Applied Mathematics},
  volume={49},
  number={5},
  pages={1552--1566},
  year={1989},
  publisher={SIAM}
}

@book{bertsekas1991linear,
  title={Linear network optimization: algorithms and codes},
  author={Bertsekas, Dimitri P},
  year={1991},
  publisher={MIT Press}
}

@article{myers1991overview,
  title={An overview of sequence comparison algorithms in molecular biology},
  author={Myers, Eugene W},
  year={1991},
  publisher={University of Arizona. Department of Computer Science}
}

@article{allison_lazy_1992,
	title = {Lazy dynamic-programming can be eager},
	issn = {0020-0190},
	doiNOTSHOWN = {10.1016/0020-0190(92)90202-7},
	abstract = {Lazy evaluation in a functional language is exploited to make the simple dynamic-programming algorithm for the edit-distance problem run quickly on similar strings: being lazy can be fast.},
	language = {en},
	urldate = {2020-01-15},
	journal = {Information Processing Letters},
	author = {Allison, L.},
	monthNOTSHOWN = sep,
	year = {1992},
	keywords = {Dynamic-programming, edit-distance, functional programming, lazy evaluation},
	file = {Allison_1992_Lazy dynamic-programming can be eager.pdf:/home/bichselb/Documents/PhD/zotero_library/Allison_1992_Lazy dynamic-programming can be eager.pdf:application/pdf;ScienceDirect Snapshot:/home/bichselb/Zotero/storage/AMZRJE2N/0020019092902027.html:text/html}
}


@article{eppstein1992sparse,
  title={Sparse dynamic programming {I}: linear cost functions},
  author={Eppstein, David and Galil, Zvi and Giancarlo, Raffaele and Italiano, Giuseppe F},
  journal={Journal of the ACM (JACM)},
  volume={39},
  number={3},
  pages={519--545},
  year={1992},
  publisher={ACM New York, NY, USA}  
}

@article{myers1992n2,
  title={An {$O(N^2 log N)$} restriction map comparison and search algorithm},
  author={Myers, Eugene W and Huang, Xiaoqiu},
  journal={Bulletin of mathematical biology},
  volume={54},
  number={4},
  pages={599--618},
  year={1992},
  publisher={Elsevier}
}

@inproceedings{myers1995chaining,
  title={Chaining multiple-alignment fragments in sub-quadratic time},
  author={Myers, Gene and Miller, Webb},
  booktitle={SODA},
  volume={95},
  pages={38--47},
  year={1995}
}

@article{myers1999fast,
  title={A fast bit-vector algorithm for approximate string matching based on dynamic programming},
  author={Myers, Gene},
  journal={Journal of the ACM (JACM)},
  volume={46},
  number={3},
  pages={395--415},
  year={1999},
  publisher={ACM New York, NY, USA}
}

@article{reinert2000iterative,
  title={An iterative method for faster sum-of-pairs multiple sequence alignment},
  author={Reinert, Knut and Stoye, Jens and Will, Torsten},
  journal={Bioinformatics},
  volume={16},
  number={9},
  pages={808--814},
  year={2000},
  publisher={Oxford University Press}
}

@article{navarro2001guided,
  title={A guided tour to approximate string matching},
  author={Navarro, Gonzalo},
  journal={ACM computing surveys (CSUR)},
  volume={33},
  number={1},
  pages={31--88},
  year={2001},
  publisher={ACM New York, NY, USA}
}

@inproceedings{koenig2006real,
  title={Real-time adaptive {A*}},
  author={Koenig, Sven and Likhachev, Maxim},
  booktitle={Proceedings of the fifth international joint conference on Autonomous agents and multiagent systems},
  pages={281--288},
  year={2006}
}

@inproceedings{holte2010common,
  title={Common misconceptions concerning heuristic search},
  author={Holte, Robert C},
  booktitle={Third Annual Symposium on Combinatorial Search},
  year={2010}
}

@article{deorowicz2014efficient,
  title={Efficient algorithms for the longest common subsequence in k-length substrings},
  author={Deorowicz, Sebastian and Grabowski, Szymon},
  journal={Information Processing Letters},
  volume={114},
  number={11},
  pages={634--638},
  year={2014},
  publisher={Elsevier}
}

@Misc{benson2014longest,
  author          = {Benson, Gary and Levy, Avivit and Shalom, Riva},
  title           = {Longest Common Subsequence in k-length substrings},
  year            = 2014,
  doi             = {10.48550/ARXIV.1402.2097},
  url             = {https://arxiv.org/abs/1402.2097},
  keywords        = {Data Structures and Algorithms (cs.DS), FOS: Computer and
                  information sciences, FOS: Computer and information sciences},
  publisher       = {arXiv},
  copyright       = {arXiv.org perpetual, non-exclusive license}
}

@inproceedings{backurs2015edit,
  title={Edit distance cannot be computed in strongly subquadratic time (unless {SETH} is false)},
  author={Backurs, Arturs and Indyk, Piotr},
  booktitle={Proceedings of the forty-seventh annual ACM symposium on Theory of computing},
  pages={51--58},
  year={2015}
}

@article{benson2016lcsk,
  title={LCSk: a refined similarity measure},
  author={Benson, Gary and Levy, Avivit and Maimoni, S and Noifeld, D and Shalom, B Riva},
  journal={Theoretical Computer Science},
  volume={638},
  pages={11--26},
  year={2016},
  publisher={Elsevier}
}

@article{daily2016parasail,
  title={Parasail: {SIMD} {C} library for global, semi-global, and local pairwise sequence alignments},
  author={Daily, Jeff},
  journal={BMC Bioinformatics},
  volume={17},
  number={1},
  pages={1--11},
  year={2016},
  publisher={BioMed Central}
}

@book{poole2017artificial,
  title={Artificial Intelligence: Foundations of Computational Agents},
  edition={Second},
  author={Poole, David L and Mackworth, Alan K},
  year={2017},
  publisher={Cambridge University Press}
}

@article{vsovsic2017edlib,
  title={Edlib: a {C}/{C}++ library for fast, exact sequence alignment using edit distance},
  author={{\v{S}}o{\v{s}}i{\'c}, Martin and {\v{S}}iki{\'c}, Mile},
  journal={Bioinformatics},
  volume={33},
  number={9},
  pages={1394--1395},
  year={2017},
  publisher={Oxford University Press}
}

@article{pavetic2017fast,
  title={Fast and simple algorithms for computing both {LCSk} and {LCSk+}},
  author={Paveti{\'c}, Filip and Katani{\'c}, Ivan and Matula, Gustav and {\v{Z}}u{\v{z}}i{\'c}, Goran and {\v{S}}iki{\'c}, Mile},
  journal={arXiv preprint:1705.07279},
  year={2017}
}

@article{reinert2017seqan,
  title={The {SeqAn} {C++} template library for efficient sequence analysis: a resource for programmers},
  author={Reinert, Knut and Dadi, Temesgen Hailemariam and Ehrhardt, Marcel and Hauswedell, Hannes and Mehringer, Svenja and Rahn, Ren{\'e} and Kim, Jongkyu and Pockrandt, Christopher and Winkler, J{\"o}rg and Siragusa, Enrico and others},
  journal={Journal of biotechnology},
  volume={261},
  pages={157--168},
  year={2017},
  publisher={Elsevier}
}

@incollection{prjibelski2018sequence,
  title={Sequence analysis},
  author={Prjibelski, Andrey D and Korobeynikov, Anton I and Lapidus, Alla L},
  booktitle={Encyclopedia of Bioinformatics and Computational Biology: ABC of Bioinformatics},
  pages={292--322},
  year={2018}
}

@article{bowden2019sequencing,
  title={Sequencing of human genomes with nanopore technology},
  author={Bowden, Rory and Davies, Robert W and Heger, Andreas and Pagnamenta, Alistair T and de Cesare, Mariateresa and Oikkonen, Laura E and Parkes, Duncan and Freeman, Colin and Dhalla, Fatima and Patel, Smita Y and others},
  journal={Nature communications},
  volume={10},
  number={1},
  pages={1--9},
  year={2019},
  publisher={Nature Publishing Group}
}
@article{kucherov2019evolution,
  title={Evolution of biosequence search algorithms: a brief survey},
  author={Kucherov, Gregory},
  journal={Bioinformatics},
  volume={35},
  number={19},
  pages={3547--3552},
  year={2019},
  publisher={Oxford University Press}
}

@article{marco2021fast,
  title={Fast gap-affine pairwise alignment using the wavefront algorithm},
  author={Marco-Sola, Santiago and Moure, Juan Carlos and Moreto, Miquel and Espinosa, Antonio},
  journal={Bioinformatics},
  volume={37},
  number={4},
  pages={456--463},
  year={2021},
  publisher={Oxford University Press}
}

@article{marco2022optimal,
  title={Optimal gap-affine alignment in ${O(s)}$ space},
  author={Marco-Sola, Santiago and Eizenga, Jordan M and Guarracino, Andrea and Paten, Benedict and Garrison, Erik and Moreto, Miquel},
  journal={bioRxiv},
  year={2022},
  publisher={Cold Spring Harbor Laboratory}
}

@article{medvedev2022theoretical,
  title={Theoretical analysis of edit distance algorithms: an applied perspective},
  author={Medvedev, Paul},
  journal={arXiv preprint:2204.09535},
  year={2022}
}

@article{chao2022developments,
  title={Developments in {A}lgorithms for {S}equence {A}lignment: {A} {R}eview},
  author={Chao, Jiannan and Tang, Furong and Xu, Lei},
  journal={Biomolecules},
  volume={12},
  number={4},
  pages={546},
  year={2022},
  publisher={MDPI}
}

@article{medvedev2022limitations,
  title={The limitations of the theoretical analysis of applied algorithms},
  author={Medvedev, Paul},
  journal={arXiv preprint:2205.01785},
  year={2022}
}

@article{nurk2022complete,
  author = {Sergey Nurk  and Sergey Koren  and Arang Rhie  and Mikko Rautiainen  and others},
  title = {The complete sequence of a human genome},
  journal = {Science},
  volume = {376},
  number = {6588},
  pages = {44-53},
  year = {2022},
  doi = {10.1126/science.abj6987},
  URL = {https://www.science.org/doi/abs/10.1126/science.abj6987},
  eprint = {https://www.science.org/doi/pdf/10.1126/science.abj6987},
  abstract = {Since its initial release in 2000, the human reference genome has covered only the euchromatic fraction of the genome, leaving important heterochromatic regions unfinished. Addressing the remaining 8\% of the genome, the Telomere-to-Telomere (T2T) Consortium presents a complete 3.055 billion–base pair sequence of a human genome, T2T-CHM13, that includes gapless assemblies for all chromosomes except Y, corrects errors in the prior references, and introduces nearly 200 million base pairs of sequence containing 1956 gene predictions, 99 of which are predicted to be protein coding. The completed regions include all centromeric satellite arrays, recent segmental duplications, and the short arms of all five acrocentric chromosomes, unlocking these complex regions of the genome to variational and functional studies.}
}
